<?xml version="1.0" encoding="UTF-8"?><collection xmlns="http://www.loc.gov/MARC21/slim"><record><leader>00398nam--2200133-i-4500</leader><controlfield tag="001">000050193</controlfield><controlfield tag="002">20161230</controlfield><controlfield tag="005">20161230201048</controlfield><controlfield tag="008">060222s1000------------r-----000-0-eng-d</controlfield><datafield ind1=" " ind2=" " tag="080"><subfield code="a">530.145</subfield></datafield><datafield ind1=" " ind2=" " tag="100"><subfield code="a">Baier,V.N.,Fadin,V.S.,Hoze,V.A</subfield></datafield><datafield ind1=" " ind2=" " tag="245"><subfield code="a">Radiacionnye popravki k secheniiu rasseianiia elektronov na vstrechnyh puchkah</subfield></datafield><datafield ind1=" " ind2=" " tag="260"><subfield code="a">Novosibirsk, Inst.Iadernoi Fiziki, 1967. 9 S</subfield></datafield><datafield ind1=" " ind2=" " tag="852"><subfield code="a">28238</subfield></datafield></record></collection>